@misc{noonan2018evolving,
  author = {Noonan, Matt},
  title = {Evolving a Decompiler},
  howpublished = {Blog post},
  year = {2018},
  month = {February 12},
  note = {Retrieved from \url{https://storm-country.com/blog/evo-deco} (Accessed on June 2, 2023)}
}

@INPROCEEDINGS{8330222,
  author={Katz, Deborah S. and Ruchti, Jason and Schulte, Eric},
  booktitle={2018 IEEE 25th International Conference on Software Analysis, Evolution and Reengineering (SANER)}, 
  title={Using recurrent neural networks for decompilation}, 
  year={2018},
  volume={},
  number={},
  pages={346-356},
  doi={10.1109/SANER.2018.8330222}
}

@article{machineLearningAssistedBinaryCodeAnalysis,
	author = {Rosenblum, Nathan and Zhu, Xiaojin and Miller, Barton and Hunt, Karen},
	year = {2012},
	month = {05},
	pages = {},
	title = {Machine Learning-Assisted Binary Code Analysis}
	note = {Retrieved from \url{https://pages.cs.wisc.edu/~jerryzhu/pub/nips07-abs.pdf} (Accessed on June 2, 2023)}
}

@inproceedings{blackHat2015,
  author = {Davis, Andrew and Wolff, Matt},
  title = {Deep Learning on Dissassembly Data},
  booktitle = {Proceedings of the Black Hat Conference},
  year = {2015},
  month = {June},
  organization = {Black Hat},
  address = {London, United Kingdom}
}
